<collection xmlns="http://www.loc.gov/MARC21/slim">
<record>
  <leader>00495na 0a22001211i 450 </leader>
  <controlfield tag="001">IT\ICCU\CNCE\052937</controlfield>
  <controlfield tag="005">20020503000000.0</controlfield>
  <datafield tag="100" ind1=" " ind2=" ">
    <subfield code="a">20020503             0itac0103    ba</subfield>
  </datafield>
  <datafield tag="101" ind1=" " ind2=" ">
    <subfield code="a">LAT</subfield>
  </datafield>
  <datafield tag="200" ind1="1" ind2=" ">
    <subfield code="a">Index rerum memorabilium, quae in his commentariis ad capitula regni praestantissimorum iurisconsultorum ... continentur</subfield>
  </datafield>
  <datafield tag="700" ind1=" " ind2="1">
    <subfield code="a">De_Nigris,</subfield>
    <subfield code="b">Giovanni Antonio</subfield>
    <subfield code="3">IT\ICCU\CNCA\004752</subfield>
  </datafield>
  <datafield tag="790" ind1=" " ind2="1">
    <subfield code="a">Nigris,</subfield>
    <subfield code="b">Giovanni Antonio : de</subfield>
    <subfield code="3">IT\ICCU\CNCA\014785</subfield>
    <subfield code="z">De_Nigris, Giovanni Antonio</subfield>
  </datafield>
  <datafield tag="801" ind1=" " ind2="3">
    <subfield code="a">IT</subfield>
    <subfield code="b">ICCU</subfield>
    <subfield code="c">20201115</subfield>
  </datafield>
</record>
</collection>
